% TOP

@inproceedings{
    achten2013introduction,
    title       = {An introduction to task oriented programming},
    author      = {Achten, Peter and Koopman, Pieter and Plasmeijer, Rinus},
    booktitle   = {Central European Functional Programming School},
    pages       = {187--245},
    year        = {2013},
    organization= {Springer}
}

@inproceedings{
    plasmeijer2012task,
    title       = {Task-oriented programming in a pure functional language},
    author      = {Plasmeijer, Rinus and Lijnse, Bas and Michels, Steffen and Achten, Peter and Koopman, Pieter},
    booktitle   = {Proceedings of the 14th symposium on Principles and Practice of Declarative Programming},
    pages       = {195--206},
    year        = {2012}
}

@phdthesis{
    naus2020assisting,
    title   = {Assisting End Users in Workflow Systems},
    author  = {Naus, Nico},
    year    = {2020},
    school  = {University Utrecht}
}

@phdthesis{
    tosca2020semantic,
    title   = {Semantic Equivalence of Task-Oriented Programs in TopHat},
    author  = {Klijnsma, Tosca},
    year    = {2020},
    school  = {Radboud University},
    type    = {Bachelor's Thesis}
}

@inproceedings{
    lubbers2019multitasking,
    author      = {Lubbers, Mart and Koopman, Pieter and Plasmeijer, Rinus},
    booktitle   = {2019 42nd International Convention on Information and Communication Technology, Electronics and Microelectronics (MIPRO)},
    title       = {Multitasking on Microcontrollers using Task Oriented Programming},
    year        = {2019},
    pages       = {1587-1592},
    doi         = {10.23919/MIPRO.2019.8756711}
}

@inproceedings{
    koopman2018task,
    title       = {A task-based DSL for microcomputers},
    author      = {Koopman, Pieter and Lubbers, Mart and Plasmeijer, Rinus},
    booktitle   = {Proceedings of the Real World Domain Specific Languages Workshop 2018},
    pages       = {1--11},
    year        = {2018}
}

@article{
    plasmeijer2007itasks,
    title       = {iTasks: executable specifications of interactive work flow systems for the web},
    author      = {Plasmeijer, Rinus and Achten, Peter and Koopman, Pieter},
    journal     = {ACM SIGPLAN Notices},
    volume      = {42},
    number      = {9},
    pages       = {141--152},
    year        = {2007},
    publisher       = {ACM New York, NY, USA}
}

% Lua

@article{
    moura2009revisiting,
    title   = {Revisiting coroutines},
    author  = {Moura, Ana L{\'u}cia De and Ierusalimschy, Roberto},
    journal = {ACM Transactions on Programming Languages and Systems     (TOPLAS)},
    volume  = {31},
    number  = {2},
    pages   = {1--31},
    year    = {2009},
    publisher={ACM New York, NY, USA}
}

@article{
    ierusalimschy1996lua,
    title   = {Lua—an extensible extension language},
    author  = {Ierusalimschy, Roberto and De Figueiredo, Luiz Henrique and Filho, Waldemar Celes},
    journal = {Software: Practice and Experience},
    volume  = {26},
    number  = {6},
    pages   = {635--652},
    year    = {1996},
    publisher={Wiley Online Library}
}

@manual{
    luareferencemanual,
    author  = {Ierusalimschy, Roberto and De Figueiredo, Luiz Henrique and Filho, Waldemar Celes},
    title   = {Lua 5.4 Reference Manual},
    year    = 2020,
    note    = {\url{https://www.lua.org/manual/5.4/manual.html}}
}

@misc{
    luaabout,
    author  = {Ierusalimschy, Roberto and De Figueiredo, Luiz Henrique and Filho, Waldemar Celes},
    title   = {Lua: about},
    year    = 2022,
    urldate = {2022-03-29},
    note    = {\url{http://www.lua.org/about.html}}
}

@article{
    gualandi2020pallene,
    title   = {Pallene: a companion language for Lua},
    author  = {Gualandi, Hugo Musso and Ierusalimschy, Roberto},
    journal = {Science of Computer Programming},
    volume  = {189},
    pages   = {102393},
    year    = {2020},
    publisher={Elsevier}
}

@inproceedings{
    maidl2014typed,
    title       = {Typed Lua: An optional type system for Lua},
    author      = {Maidl, Andr{\'e} Murbach and Mascarenhas, Fabio and    Ierusalimschy, Roberto},
    booktitle   = {Proceedings of the Workshop on Dynamic Languages and    Applications},
    pages       = {1--10},
    year        = {2014}
}





%%%%%%%%%%%%%%%%%%%%%%%%%%%%%%%%%%%%%%%%%%%%%%%%%%%%%%%%%%%%%%%%%%%%%%%%%%%%%%%%
%%
%%  Example .bib references
%%
%%  Use the label (first entry) to cite a reference with \cite{label} in your
%%  document. This example bibliography contains a number of examples of different
%%  references. Consult http://www.bibtex.org/ for more information.
%%
%%%%%%%%%%%%%%%%%%%%%%%%%%%%%%%%%%%%%%%%%%%%%%%%%%%%%%%%%%%%%%%%%%%%%%%%%%%%%%%%
@misc{
    peys04:HowToWriteAGoodResearchPaper,
    author  = {{Peyton Jones}, Simon},
    title   = {How to write a good research paper},
    date    = {october},
    year    = 2004,
    note    = {Presentation at Technical University of Vienna, \url{http://research.microsoft.com/en-us/um/people/simonpj/papers/giving-a-talk/writing-a-paper-slides.pdf}}
}
@misc{
    PlanetsOnWikipedia,
    title       = {http://en.wikipedia.org/wiki/Planet}
}
@article{
    aalw01:ExterminateDynamicChangeBug_ISF2001,
    author      = {{\noopsort{Aalst}{van der Aalst}}, Wil},
    title       = {Exterminating the Dynamic Change Bug: A Concrete Approach to Support Workflow Change},
    journal     = {Information Systems Frontiers},
    volume      = {3:3},
    year        = {2001},
    pages       = {297-317},
    publisher   = {Kluwer Academic Publishers}
}
@techreport{
    aalw02:WorkflowPatterns,
    author      = {{\noopsort{Aalst}{van der Aalst}}, Wil and {\noopsort{Hofstede}{ter Hofstede}}, Arthur and Kiepuszewski, Bartek and Barros, Ana},
    title       = {Workflow patterns},
    institution = {Queensland University of Technology},
    year        = 2002,
    number      = {FIT-TR-2002-02}
}
@incollection{
    abrs90:lazyLambdaCalculus,
    author    = {Abramsky, Samson},
    title     = {The lazy lambda calculus},
    booktitle = {Research Topics in Functional Programming},
    publisher = {Addison-Wesley},
    address   = {Reading, MA, USA},
    editor    = {Turner, David},
    isbn      = {0-201-17236-4},
    pages     = {65--116},
    year      = 1990,
    url       = {\texttt{http:\-//\-citeseer.nj.nec.com\-/abramsky90lazy.html}}
}
@inproceedings{
    agoa00:ImprovingFlexibilityOfWFMs_BPM00,
    author    = {Agostini, Alessandra and {\noopsort{Michelis}{De Michelis}}, Giorgio},
    title     = {Improving flexibility of workflow management systems},
    booktitle = {Business Process Management},
    editor    = {{\noopsort{Aalst}{van der Aalst}}, Wil},
    publisher = {Springer-Verlag},
    series    = LNCS,
    volume    = {1806},
    pages     = {218-234},
    year      = 2000
}
@book{
    baej90:ProcessAlgebra,
    author    = {Baeten, Jos and Weijland, Peter},
    title     = {Process algebra},
    publisher = {Cambridge University Press},
    series    = {Cambridge Tracts in Theoretical Computer Science},
    volume    = {18},
    year      = 1990
}
@book{
    bare84:LambdaCalculusBook,
    author    = {Barendregt, Henk},
    title     = {The lambda calculus, its syntax and semantics (revised edition)},
    publisher = {North-Holland},
    series    = {Studies in Logic},
    volume    = {103},
    year      = 1984
}
@techreport{
    brod01:generating,
    author      = {Broda, Sabine and Damas, Luís},
    title       = {Generating normal inhabitants of types with a common structure},
    number      = {DCC-2001-1},
    institution = {DCC-FC \& LIACC, Universidade do Porto, Portugal},
    year        = 2001
}
@unpublished{Chak03:HaskellFFI,
    author = {Chakravarty, Manuel},
    title  = {The {Haskell} 98 {Foreign Function Interface} 1.0, an addendum to the {Haskell} 98 Report},
    year   = {2003},
    note   = {\url{http://www.cse.unsw.edu.au/~chak/haskell/ffi}}
}
@manual{
    coq98:manual,
    author       = {The Coq Development Team},
    title        = {The {C}oq proof assistant reference manual (version 7.0)},
    year         = 1998,
    note         = {\texttt{http:\-//\-pauillac.inria.fr\-/coq\-/doc\-/main.html}}
}
@proceedings{
  DBLP:conf/fp/1995,
  editor    = {Turner, David},
  title     = {Functional programming,},
  organization = {Glasgow, UK},
  booktitle = {Functional Programming},
  publisher = {Springer-Verlag},
  series    = {Workshops in Computing 1995},
  year      = 1996,
  isbn      = {3-540-14580-X},
  bibsource = {DBLP, \texttt{http:\-//\-dblp.uni-trier.de}}
}
@phdthesis{
    hinr02:proofgeneric,
    author = {Hinze, Ralf},
    title  = {Generic programs and proofs},
    school = {Universit\"at Bonn},
    year   = 2000,
    note   = {Habilitationsschrift}
}
@book{
    hoac85:CSP,
    author    = {Hoare, Charles},
    title     = {Communicating sequential processes},
    series    = {International Series in Computer Science},
    publisher = {Prentice-Hall International},
    year      = 1985
}
@conference{hofm11:symmetricLenses,
    author = "Martin Hofmann and Benjamin C. Pierce and Daniel Wagner",
    booktitle = "Proceedings of the 38th ACM SIGPLAN-SIGACT Symposium on Principles of Programming Languages, POPL 2011, Austin, TX, USA",
    editor = "Thomas Ball and Mooly Sagiv",
    isbn = "978-1-4503-0490-0",
    pages = "371-384",
    publisher = "ACM",
    title = "{S}ymmetric lenses",
    year = "2011",
}
@misc{
    mcrl2:mCRL2toolset,
    title        = {{mCRL2} toolset},
    howpublished = {\texttt{http:\-//\-www.mcrl2.org/}}
}
@manual{
    milr97:SML,
    author       = {Milner, Robert and Tofte, Mads and Harper, Robert and MacQueen, David},
    title        = {The definition of {S}tandard {ML} (revised)},
    organization = {MIT Press},
    year         = 1997
}
@mastersthesis{Nayl04:Hackle,
    author = {Naylor, Matthew},
    title  = {Haskell to {Clean} translation},
    school = {University of York},
    year   = {2004},
    note   = {\url{http://www-users.cs.york.ac.uk/~mfn/hacle/hacle.pdf}}
}
